<collection xmlns="http://www.loc.gov/MARC21/slim">
<record>
  <leader>01243nam0a22002531i 450 </leader>
  <controlfield tag="001">IT\ICCU\CNCE\020942</controlfield>
  <controlfield tag="005">20130327000000.0</controlfield>
  <datafield tag="012" ind1=" " ind2=" ">
    <subfield code="a">o.o, e.re tata a,a, (C) 1563 (Q)</subfield>
    <subfield code="2">fei</subfield>
  </datafield>
  <datafield tag="100" ind1=" " ind2=" ">
    <subfield code="a">19970101f15631567    0itac0103    ba</subfield>
  </datafield>
  <datafield tag="101" ind1=" " ind2=" ">
    <subfield code="a">ITA</subfield>
  </datafield>
  <datafield tag="102" ind1=" " ind2=" ">
    <subfield code="a">IT</subfield>
  </datafield>
  <datafield tag="200" ind1="1" ind2=" ">
    <subfield code="a">Giardinetto di cose spirituale doue si contiene le sotto scritte opere. La santa Croce volgare, il Pater nostro volgare li dodeci articoli della fede ...</subfield>
  </datafield>
  <datafield tag="210" ind1=" " ind2=" ">
    <subfield code="e">In Foligno</subfield>
    <subfield code="g">per Agostino Colaldi</subfield>
    <subfield code="h">a presso a Vincentio Cantagallo</subfield>
    <subfield code="h">\tra il 1563 e il 1567!</subfield>
  </datafield>
  <datafield tag="215" ind1=" " ind2=" ">
    <subfield code="a">\6! c.</subfield>
    <subfield code="d">12ʻ</subfield>
  </datafield>
  <datafield tag="300" ind1=" " ind2=" ">
    <subfield code="a">Per la data cfr.: M. Faloci Pulignani, L&apos;arte tipografica in Foligno nel XVI secolo. in La Bibliofilia, n. 5 (1903-1904) p. 166</subfield>
  </datafield>
  <datafield tag="620" ind1=" " ind2=" ">
    <subfield code="a">IT</subfield>
    <subfield code="d">Foligno</subfield>
  </datafield>
  <datafield tag="712" ind1="0" ind2="0">
    <subfield code="a">Colaldi, Agostino</subfield>
    <subfield code="3">IT\ICCU\CNCT\000505</subfield>
    <subfield code="4">650</subfield>
  </datafield>
  <datafield tag="712" ind1="0" ind2="0">
    <subfield code="a">Cantagalli, Vincenzo</subfield>
    <subfield code="3">IT\ICCU\CNCT\001621</subfield>
    <subfield code="4">650</subfield>
  </datafield>
  <datafield tag="791" ind1="0" ind2="0">
    <subfield code="a">Colaldus, Augustinus</subfield>
    <subfield code="3">IT\ICCU\CNCT\004628</subfield>
    <subfield code="z">Colaldi, Agostino</subfield>
  </datafield>
  <datafield tag="791" ind1="0" ind2="0">
    <subfield code="a">Colaldo, Agostino</subfield>
    <subfield code="3">IT\ICCU\CNCT\004629</subfield>
    <subfield code="z">Colaldi, Agostino</subfield>
  </datafield>
  <datafield tag="791" ind1="0" ind2="0">
    <subfield code="a">Cantagallus, Vincentius</subfield>
    <subfield code="3">IT\ICCU\CNCT\004436</subfield>
    <subfield code="z">Cantagalli, Vincenzo</subfield>
  </datafield>
  <datafield tag="791" ind1="0" ind2="0">
    <subfield code="a">Cantagallo, Vincenzo</subfield>
    <subfield code="3">IT\ICCU\CNCT\004447</subfield>
    <subfield code="z">Cantagalli, Vincenzo</subfield>
  </datafield>
  <datafield tag="801" ind1=" " ind2="3">
    <subfield code="a">IT</subfield>
    <subfield code="b">ICCU</subfield>
    <subfield code="c">20201114</subfield>
  </datafield>
  <datafield tag="899" ind1=" " ind2=" ">
    <subfield code="a">Biblioteca comunale. Foligno</subfield>
    <subfield code="1">PG0035</subfield>
    <subfield code="2">UM1 04</subfield>
  </datafield>
</record>
</collection>
